<record><leader>00000cas a2200000 a 4500</leader><controlfield tag="001">15471400</controlfield><controlfield tag="008">870401d18951919inuwr ne      0    0eng c</controlfield><datafield ind1=" " ind2=" " tag="010"><subfield code="a">sn 87055837 </subfield></datafield><datafield ind1=" " ind2=" " tag="040"><subfield code="a">NPI</subfield><subfield code="b">eng</subfield><subfield code="c">NPI</subfield><subfield code="d">DLC</subfield><subfield code="d">NPI</subfield><subfield code="d">CUI</subfield><subfield code="d">OCLCQ</subfield><subfield code="d">OCLCF</subfield></datafield><datafield ind1=" " ind2=" " tag="042"><subfield code="a">pcc</subfield></datafield><datafield ind1=" " ind2=" " tag="043"><subfield code="a">n-us-in</subfield></datafield><datafield ind1=" " ind2="4" tag="050"><subfield code="a">AN</subfield></datafield><datafield ind1="0" ind2=" " tag="130"><subfield code="a">Northern Indianian (Warsaw, Ind. : 1895)</subfield></datafield><datafield ind1="1" ind2="4" tag="245"><subfield code="a">The Northern Indianian.</subfield></datafield><datafield ind1=" " ind2=" " tag="260"><subfield code="a">Warsaw, Ind. :</subfield><subfield code="b">Reub. Williams &amp; Son,</subfield><subfield code="c">1895-1919.</subfield></datafield><datafield ind1=" " ind2=" " tag="310"><subfield code="a">Weekly</subfield></datafield><datafield ind1="0" ind2=" " tag="362"><subfield code="a">Vol. 40 (Jan. 3, 1895)-63rd year (July 10, 1919).</subfield></datafield><datafield ind1=" " ind2="0" tag="651"><subfield code="a">Warsaw (Ind.)</subfield><subfield code="v">Newspapers.</subfield></datafield><datafield ind1=" " ind2="0" tag="651"><subfield code="a">Kosciusko County (Ind.)</subfield><subfield code="v">Newspapers.</subfield></datafield><datafield ind1=" " ind2="7" tag="655"><subfield code="a">Newspapers.</subfield><subfield code="2">fast</subfield><subfield code="0">(OCoLC)fst01423814</subfield></datafield><datafield ind1=" " ind2="7" tag="651"><subfield code="a">Indiana</subfield><subfield code="z">Kosciusko County.</subfield><subfield code="2">fast</subfield><subfield code="0">(OCoLC)fst01204084</subfield></datafield><datafield ind1=" " ind2="7" tag="651"><subfield code="a">Indiana</subfield><subfield code="z">Warsaw.</subfield><subfield code="2">fast</subfield><subfield code="0">(OCoLC)fst01215661</subfield></datafield><datafield ind1=" " ind2=" " tag="752"><subfield code="a">United States</subfield><subfield code="b">Indiana</subfield><subfield code="c">Kosciusko</subfield><subfield code="d">Warsaw.</subfield></datafield><datafield ind1="0" ind2="0" tag="780"><subfield code="t">Indianian-Republican</subfield><subfield code="w">(DLC)sn 87055835</subfield><subfield code="w">(OCoLC)15465527</subfield></datafield><datafield ind1="0" ind2="7" tag="785"><subfield code="t">Warsaw daily times (Warsaw, Ind. : 1882)</subfield><subfield code="w">(DLC)sn 87055840</subfield><subfield code="w">(OCoLC)15472161</subfield></datafield><datafield ind1="0" ind2="7" tag="785"><subfield code="t">Warsaw daily times and the northern Indianian</subfield><subfield code="w">(DLC)sn 87056392</subfield><subfield code="w">(OCoLC)16820087</subfield></datafield></record>